@article{Gheorghe2014IntegratingSystems,
    title = {{Integrating data mining techniques into telemedicine systems}},
    year = {2014},
    journal = {Informatica Economica},
    author = {Gheorghe, Mihaela and Petre, Ruxandra},
    number = {1},
    pages = {120},
    volume = {18},
    publisher = {INFOREC Association}
}

@misc{Bonitasoft2017BONITA1,
    title = {{Bonitasoft}},
    url = {https://fr.bonitasoft.com/a-propos-bonitasoft}
}

@misc{PeriodicTableDevopsTools,
	title = {{Periodic Table of Devops Tools}},
    url = {https://xebialabs.com/periodic-table-of-devops-tools/}
}

@misc{BusinessSoftware,
    title = {{Business Software}},
    url = {https://en.wikipedia.org/wiki/Business_software}
}

@misc{IsaacSacolick2016DrivingCulture,
    title = {{Driving an Agile and DevOps Culture}},
    year = {2016},
    author = {{Isaac Sacolick}},
    url = {https://youtu.be/q01IjipC-8o}
}

@misc{wikipedia_2018,
    title={{Bonita Open Solution}},
    url={https://es.wikipedia.org/wiki/Bonita_Open_Solution},
    journal={Wikipedia},
    publisher={Wikimedia Foundation},
    year={2018},
    month={Jun}
}
