
@misc{Bonitasoft2017BONITA,
    title = {{Bonitasoft}},
    howpublished = {\url{https://fr.bonitasoft.com/a-propos-bonitasoft}},
    autor = {{Bonitasoft}}
}

@misc{BusinessSoftware,
    title = {{Business Software}},
    howpublished = {\url{https://en.wikipedia.org/wiki/Business_software}}
}

@misc{IsaacSacolick2016DrivingCulture,
    title = {{Driving an Agile and DevOps Culture}},
    year = {2016},
    author = {{Isaac Sacolick}},
    howpublished = {\url{https://youtu.be/q01IjipC-8o}}
}

@misc{wikipedia_2018,
    title={{Bonita Open Solution}},
    howpublished = {\url{https://es.wikipedia.org/wiki/Bonita_Open_Solution}},
    journal={Wikipedia},
    publisher={Wikimedia Foundation},
    year={2018},
    month={Jun}
}

@misc{gartner_glossary,
    title={{Gartner IT glossary}},
    howpublished = {\url{https://www.gartner.com/it-glossary/}}
}

@misc{benjamin_wootton,
    title={{All Day DevOps 2016: Lessons from 50 Enterprise DevOps Transformations}},
    howpublished = {\url{https://www.youtube.com/watch?v=eMSrjr5vyoI}},
    author={{Banjamin Wooton}},
    year={2016}
}

@misc{safe,
    title={{Scaled Agile Framework}},
    howpublished = {\url{https://www.scaledagileframework.com/}},
    author={{SAFe}}
}

@misc{basile_plessis_2014,
    title={{Gestion du risque dans un projet Agile}},
    howpublished = {\url{https://www.slideshare.net/bduplessis/risk-in-agilemanagement}},
    author={{Basile du Plessis}},
    year={2014},
    month={Oct}
}
